
@book{software_engineering_economics,
	title = {Software Engineering Economics},
	author = {Barry W. Boehm},
	year = {1981}
}

@misc{sonarqube,
	title = {SonarQube},
	note = {\url{http://www.sonarqube.org/}}
}

@misc{findbugs_eclipse_plugin,
	title = {Findbugs Eclipse Plugin},
	note = {\url{http://findbugs.sourceforge.net/manual/eclipse.html}}
}

@misc{PMD,
	title = {PMD},
	note = {\url{http://pmd.sourceforge.net/}}
}

@misc{checkstyle,
	title = {Checkstyle},
	note = {\url{http://checkstyle.sourceforge.net/}}
}


@misc{checkstyle_eclipse_plugin,
	title = {Checkstyle Eclipse Plugin},
	note = {\url{http://eclipse-cs.sourceforge.net/downloads.html}}
}

@misc{sonar_sonarqube,
	title = {Sonar Becomes The SonarQube Platform},
	note = {\url{http://www.sonarqube.org/sonar-becomes-the-sonarqube-platform/}}
}


